@manual{shannon,
    author = {{Claude E. Shannon}},
    title = {A mathematical theory of communication},
    year = {1948},
    month = oct,
    organization = {Bell Labs Technical Journal},
    note = {\url{https://dl.acm.org/doi/pdf/10.1145/584091.584093},
 visited 2022-07-19}
}

@manual{imageProcessingInC,
    author = {{Dwayne Phillips}},
    title = {Image Processing in C},
    year = {1994},
    organization = {R \& D Publications},
    note = {\url{https://pdfslide.net/documents/phillips-dimage-processing-with-c.html?page=1},
 visited 2022-07-04}
}

@manual{grnvsSlides,
    author = {{Lehrstuhl für Netzarchitekturen und Netzdienste}},
    title = {Grundlagen Rechnernetze und Verteilte Systeme (GRNVS)},
    year = {2022},
    month = apr,
    organization = {Technische Universität München},
    note = {\url{https://grnvs.net.in.tum.de/slides_chap1.pdf},
 visited 2022-07-17}
}

@manual{rle,
    author = {{Bassiouni}},
    title = {Data Compression in Scientific and Statistical Databases},
    year = {1985},
    month = oct,
    organization = {IEEE Trans. Software Eng.}
}

@manual{bildkompressionSlides,
    author = {{Prof. Dr. Elke Hergenröther}},
    title = {Graphische Datenverarbeitung},
    year = {2019},
    month = oct,
    organization = {Hochschule Darmstadt},
    note = {\url{https://fbi.h-da.de/fileadmin/Personen/fbi1111/GDV/vorlesung/SS1920_7_GDV_Kompression.pdf},
 visited 2022-06-29}
}

@manual{bitmapCompression,
    author = {{Microsoft}},
    title = {Bitmap Compression},
    year = {2021},
    month = aug,
    organization = {Microsoft},
    note = {\url{https://docs.microsoft.com/en-us/windows/win32/gdi/bitmap-compression?redirectedfrom=MSDN},
 visited 2022-06-29}
}

@manual{bitmapStorage,
    author = {{Microsoft}},
    title = {Bitmap Storage},
    year = {2021},
    month = jan,
    organization = {Microsoft},
    note = {\url{https://docs.microsoft.com/en-us/windows/win32/gdi/bitmap-storage},
 visited 2022-07-15}
}

@manual{bitmapPadding,
    author = {{daleg38832663}},
    title = {BMP file has extra padding. Is this byte alignment?},
    year = {2020},
    month = may,
    organization = {Adobe Support Community},
    note = {\url{https://community.adobe.com/t5/photoshop-ecosystem-discussions/bmp-file-has-extra-padding-is-this-byte-alignment/td-p/11159234},
 visited 2022-07-16}
}

@manual{bmpExtension,
    author = {{fileinfo}},
    title = {.BMP File Extension},
    year = {2022},
    month = apr,
    organization = {fileinfo},
    note = {\url{https://fileinfo.com/extension/bmp},
 visited 2022-07-14}
}

